% Encoding: UTF-8

@InProceedings{AbellaDesc,
  author    = {Andrew Gacek},
  title     = {The {A}bella Interactive Theorem Prover (System Description)},
  booktitle = {Proceedings of IJCAR 2008},
  series    = {Lecture Notes in Artificial Intelligence},
  year      = {2008},
}

@inproceedings{dunfield2013complete,
	author = {Dunfield, Joshua and Krishnaswami, Neelakantan R.},
	title = {Complete and Easy Bidirectional Typechecking for Higher-rank Polymorphism},
	booktitle = {Proceedings of the 18th ACM SIGPLAN International Conference on Functional Programming},
	series = {ICFP '13},
	year = {2013},
}

@inproceedings{Chang2006,
 author = {Chang, Bor-Yuh Evan and Chlipala, Adam and Necula, George C.},
 title = {A Framework for Certified Program Analysis and Its Applications to Mobile-code Safety},
 booktitle = {Proceedings of the 7th International Conference on Verification, Model Checking, and Abstract Interpretation},
 series = {VMCAI'06},
 year = {2006}
} 

@inproceedings{Bertot04,
 author = {Bertot, Yves and Gr{\'e}goire, Benjamin and Leroy, Xavier},
 title = {A Structured Approach to Proving Compiler Optimizations Based on Dataflow Analysis},
 booktitle = {Proceedings of the 2004 International Conference on Types for Proofs and Programs},
 series = {TYPES'04},
 year = {2006}
} 


@article{naraschewski1999type,
  title={Type inference verified: Algorithm {W} in {Isabelle}/{HOL}},
  author={Naraschewski, Wolfgang and Nipkow, Tobias},
  journal={Journal of Automated Reasoning},
  volume={23},
  number={3},
  pages={299--318},
  year={1999},
  publisher={Springer}
}

@inproceedings{aydemir2005mechanized,
	title={Mechanized metatheory for the masses: The {POPLmark} challenge},
	author={Aydemir, Brian E and Bohannon, Aaron and Fairbairn, Matthew and Foster, J Nathan and Pierce, Benjamin C and Sewell, Peter and Vytiniotis, Dimitrios and Washburn, Geoffrey and Weirich, Stephanie and Zdancewic, Steve},
	booktitle={The 18th International Conference on Theorem Proving in Higher Order Logics},
	year={2005},
}

@inproceedings{aydemir2008engineering,
	author = {Aydemir, Brian and Chargu{\'e}raud, Arthur and Pierce, Benjamin C. and Pollack, Randy and Weirich, Stephanie},
	title = {Engineering Formal Metatheory},
	booktitle = {Proceedings of the 35th Annual ACM SIGPLAN-SIGACT Symposium on Principles of Programming Languages},
	series = {POPL '08},
	year = {2008},
}

@article{urban2008nominal,
	title={Nominal verification of algorithm {W}},
	author={Urban, Christian and Nipkow, Tobias},
	journal={From Semantics to Computer Science. Essays in Honour of Gilles Kahn},
	pages={363--382},
	year={2008}
}

@article{dubois1999certification,
title={Certification of a type inference tool for {ML}: {Damas--Milner} within {Coq}},
author={Dubois, Catherine and Menissier-Morain, Valerie},
journal={Journal of Automated Reasoning},
volume={23},
number={3},
pages={319--346},
year={1999},
}

@article{dubois2000proving,
	title={Proving {ML} type soundness within {Coq}},
	author={Dubois, Catherine},
	journal={Theorem Proving in Higher Order Logics},
	pages={126--144},
	year={2000},
}

% Not used
@inproceedings{nipkow1998java,
	title={Java light is type-safe—definitely},
	author={Nipkow, Tobias and Von Oheimb, David},
	booktitle={Proceedings of the 25th ACM SIGPLAN-SIGACT symposium on Principles of programming languages},
	pages={161--170},
	year={1998},
	organization={ACM}
}
% Not used
@inproceedings{drossopoulou1997java,
	title={Java is type safe—probably},
	author={Drossopoulou, Sophia and Eisenbach, Susan},
	booktitle={European Conference on Object-Oriented Programming},
	pages={389--418},
	year={1997},
	organization={Springer}
}

@book{nipkow2002isabelle,
	title={Isabelle/HOL: a proof assistant for higher-order logic},
	author={Nipkow, Tobias and Paulson, Lawrence C and Wenzel, Markus},
	volume={2283},
	year={2002},
	publisher={Springer Science \& Business Media}
}

@article{urban2008nominalTech,
title={Nominal techniques in {Isabelle}/{HOL}},
author={Urban, Christian},
journal={Journal of Automated Reasoning},
volume={40},
number={4},
pages={327--356},
year={2008},
}

@article{garrigue2015certified,
	title={A certified implementation of {ML} with structural polymorphism and recursive types},
	author={Garrigue, Jacques},
	journal={Mathematical Structures in Computer Science},
	volume={25},
	number={4},
	pages={867--891},
	year={2015},
}

@inproceedings{tiuryn1996subtyping,
	title={The subtyping problem for second-order types is undecidable},
	author={Tiuryn, Jerzy and Urzyczyn, Pawel},
	booktitle={Proceedings 11th Annual IEEE Symposium on Logic in Computer Science},
	year={1996},
}

@inproceedings{le2003ml,
	author = {Le Botlan, Didier and R{\'e}my, Didier},
	title = {{MLF}: Raising {ML} to the Power of System {F}},
	booktitle = {Proceedings of the Eighth ACM SIGPLAN International Conference on Functional Programming},
	series = {ICFP '03},
	year = {2003},
}

@inproceedings{leijen2008hmf,
	author = {Leijen, Daan},
	title = {{HMF}: Simple Type Inference for First-class Polymorphism},
	booktitle = {Proceedings of the 13th ACM SIGPLAN International Conference on Functional Programming},
	series = {ICFP '08},
	year = {2008},
}

@inproceedings{vytiniotis2008fph,
	author = {Vytiniotis, Dimitrios and Weirich, Stephanie and Peyton Jones, Simon},
	title = {{FPH}: First-class Polymorphism for {Haskell}},
	booktitle = {Proceedings of the 13th ACM SIGPLAN International Conference on Functional Programming},
	series = {ICFP '08},
	year = {2008},
}

@article{reynolds1983types,
	author = {Reynolds, John C},
	title = {Types, Abstraction and Parametric Polymorphism},
	journal = {Information Processing},
	pages = {513--523},
	year = {1983}
}

@article{hindley1969principal,
	title={The principal type-scheme of an object in combinatory logic},
	author={Hindley, Roger},
	journal={Transactions of the american mathematical society},
	volume={146},
	pages={29--60},
	year={1969},
}

@article{milner1978theory,
	title={A theory of type polymorphism in programming},
	author={Milner, Robin},
	journal={Journal of computer and system sciences},
	volume={17},
	number={3},
	pages={348--375},
	year={1978},
}

@inproceedings{damas1982principal,
	author = {Damas, Luis and Milner, Robin},
	title = {Principal Type-schemes for Functional Programs},
	booktitle = {Proceedings of the 9th ACM SIGPLAN-SIGACT Symposium on Principles of Programming Languages},
	series = {POPL '82},
	year = {1982},
}

@article{wells1999typability,
	title={Typability and type checking in System {F} are equivalent and undecidable},
	author={Wells, Joe B},
	journal={Annals of Pure and Applied Logic},
	volume={98},
	number={1-3},
	pages={111--156},
	year={1999},
}

@inproceedings{jones1993glasgow,
	title={{The Glasgow Haskell compiler: a technical overview}},
	author={Peyton Jones, Simon and Hall, Cordy and Hammond, Kevin and Partain, Will and Wadler, Philip},
	booktitle={Proc. UK Joint Framework for Information Technology (JFIT) Technical Conference},
	year={1993}
}

@inproceedings{odersky1996putting,
	author = {Odersky, Martin and L\"{a}ufer, Konstantin},
	title = {Putting Type Annotations to Work},
	booktitle = {Proceedings of the 23rd ACM SIGPLAN-SIGACT Symposium on Principles of Programming Languages},
	series = {POPL '96},
	year = {1996},
}

@article{leroy2012compcert,
title={{The CompCert verified compiler}},
author={Leroy, Xavier and others},
journal={Documentation and user’s manual. INRIA Paris-Rocquencourt},
year={2012}
}

@article{jones2007practical,
	title={Practical type inference for arbitrary-rank types},
	author={Peyton Jones, Simon and Vytiniotis, Dimitrios and Weirich, Stephanie and Shields, Mark},
	journal={Journal of functional programming},
	volume={17},
	number={1},
	pages={1--82},
	year={2007},
}

@article{abel2018,
	title={POPLMark Reloaded: Mechanizing Proofs by Logical Relations},
	author={Abel, Andreas and Allais, Guillaume and Hameer, Aliya and Pientka, Brigitte and Momigliano, Alberto and Sch\"fer, Steven and Stark, Kathrin},
	journal={Submitted to the Journal of functional programming},
	year={2018}
}

@inproceedings{Serrano2018,
 author = {Serrano, Alejandro and Hage, Jurriaan and Vytiniotis, Dimitrios and Peyton Jones, Simon},
 title = {Guarded Impredicative Polymorphism},
 booktitle = {Proceedings of the 39th ACM SIGPLAN Conference on Programming Language Design and Implementation},
 series = {PLDI 2018},
 year = {2018}
} 

@Misc{Coq,
  author = {The{\ }{C}oq{\ }development{\ }team},
  title  = {The {C}oq proof assistant},
  year   = {2017},
  url    = {https://coq.inria.fr/},
}

@Misc{PureScript,
author = {Freeman, Phil},
title  = {Pure{S}cript},
year   = {2017},
url    = {http://www.purescript.org/},
}


@Misc{Unison,
author = {Chiusano, Paul and Bjarnason, Runar},
title  = {Unison},
year   = {2015},
url    = {http://unisonweb.org},
}

@Misc{Disciple,
author = {Disciple{\ }Development{\ }Team},
title  = {{The Disciplined Disciple Compiler}},
year   = {2017},
url    = {http://disciple.ouroborus.net/},
}

@inproceedings{gundry2010type,
	author = {Gundry, Adam and McBride, Conor and McKinna, James},
	title = {Type Inference in Context},
	booktitle = {Proceedings of the Third ACM SIGPLAN Workshop on Mathematically Structured Functional Programming},
	series = {MSFP '10},
	year = {2010},
}

@Comment{jabref-meta: databaseType:bibtex;}

@inproceedings{chlipala2008parametric,
	author = {Chlipala, Adam},
	title = {Parametric Higher-order Abstract Syntax for Mechanized Semantics},
	booktitle = {Proceedings of the 13th ACM SIGPLAN International Conference on Functional Programming},
	series = {ICFP '08},
	year = {2008},
}

@InProceedings{miller2000abstract,
	author =       "Dale Miller",
	title =        "Abstract Syntax for Variable Binders: An Overview",
	booktitle =    "CL 2000: Computational Logic",
	year =         "2000",
	series =       "Lecture Notes in Artificial Intelligence",
}

@inproceedings{jones1995functional,
	AUTHOR      = "Mark P. Jones",
	TITLE       = "Functional Programming with Overloading and
	Higher-Order Polymorphism",
	BOOKTITLE   = "Advanced Functional Programming",
	SERIES      = {Lecture {N}otes in {C}omputer {S}cience 925},
	YEAR        = "1995"
}

@inproceedings{gill1993short,
	author = {Gill, Andrew and Launchbury, John and Peyton Jones, Simon L.},
	title = {A Short Cut to Deforestation},
	booktitle = {Proceedings of the Conference on Functional Programming Languages and Computer Architecture},
	series = {FPCA '93},
	year = {1993},
}

@Article{launchbury1995state,
	author="Launchbury, John and Peyton Jones, Simon L.",
	title={State in {H}askell},
	journal="LISP and Symbolic Computation",
	year="1995",
	volume="8",
	number="4",
	pages="293--341",
}

@inproceedings{lammel2003scrap,
	author = {L\"{a}mmel, Ralf and Jones, Simon Peyton},
	title = {Scrap Your Boilerplate: A Practical Design Pattern for Generic Programming},
	booktitle = {Proceedings of the 2003 ACM SIGPLAN International Workshop on Types in Languages Design and Implementation},
	series = {TLDI '03},
	year = {2003},
}

@inproceedings{Reed2009,
	author = {Reed, Jason},
	title = {Higher-order Constraint Simplification in Dependent Type Theory},
	booktitle = {Proceedings of the Fourth International Workshop on Logical Frameworks and Meta-Languages: Theory and Practice},
	series = {LFMTP '09},
	year = {2009},
}

@inproceedings{Abel2011higher,
	title={Higher-order dynamic pattern unification for dependent types and records},
	author={Abel, Andreas and Pientka, Brigitte},
	booktitle={International Conference on Typed Lambda Calculi and Applications},
	pages={10--26},
	year={2011},
	organization={Springer}
}

@inproceedings{itp2018,
  author    = {Jinxu Zhao and
               Bruno C. d. S. Oliveira and
               Tom Schrijvers},
  title     = {Formalization of a Polymorphic Subtyping Algorithm},
  booktitle = {{ITP}},
  series    = {Lecture Notes in Computer Science},
  volume    = {10895},
  pages     = {604--622},
  publisher = {Springer},
  year      = {2018}
}

@inproceedings{KleinRunYourResearch,
 author = {Klein, Casey and Clements, John and Dimoulas, Christos and Eastlund, Carl and Felleisen, Matthias and Flatt, Matthew and McCarthy, Jay A. and Rafkind, Jon and Tobin-Hochstadt, Sam and Findler, Robert Bruce},
 title = {Run Your Research: On the Effectiveness of Lightweight Mechanization},
 booktitle = {Proceedings of the 39th Annual ACM SIGPLAN-SIGACT Symposium on Principles of Programming Languages},
 series = {POPL '12},
 year = {2012},
 isbn = {978-1-4503-1083-3},
 location = {Philadelphia, PA, USA},
 pages = {285--296},
 numpages = {12},
}

@article{unification,
 author = {Martelli, Alberto and Montanari, Ugo},
 title = {An Efficient Unification Algorithm},
 journal = {ACM Trans. Program. Lang. Syst.},
 issue_date = {April 1982},
 volume = {4},
 number = {2},
 month = apr,
 year = {1982},
 issn = {0164-0925},
 pages = {258--282},
 numpages = {25},
}

@article{DunfieldIndexed,
 author = {Dunfield, Joshua and Krishnaswami, Neelakantan R.},
 title = {Sound and Complete Bidirectional Typechecking for Higher-rank Polymorphism with Existentials and Indexed Types},
 journal = {Proc. ACM Program. Lang.},
 issue_date = {January 2019},
 volume = {3},
 number = {POPL},
 month = jan,
 year = {2019},
 issn = {2475-1421},
 pages = {9:1--9:28},
 articleno = {9},
 numpages = {28},
}

@inproceedings{GuardedImpredicative,
 author = {Serrano, Alejandro and Hage, Jurriaan and Vytiniotis, Dimitrios and Peyton Jones, Simon},
 title = {Guarded Impredicative Polymorphism},
 booktitle = {Proceedings of the 39th ACM SIGPLAN Conference on Programming Language Design and Implementation},
 series = {PLDI 2018},
 year = {2018},
 isbn = {978-1-4503-5698-5},
 location = {Philadelphia, PA, USA},
 pages = {783--796},
 numpages = {14},
}

@Article{LocallyNameless,
author="Chargu{\'e}raud, Arthur",
title="The Locally Nameless Representation",
journal="Journal of Automated Reasoning",
year="2012",
month="Oct",
day="01",
volume="49",
number="3",
pages="363--408",
}

@article{jones2003lexically,
author = {Peyton Jones, Simon and Shields, Mark},
year = {2003},
month = {01},
pages = {},
title = {Lexically-scoped type variables}
}

@InProceedings{xie2018letarguments,
author="Xie, Ningning
and Oliveira, Bruno C. d. S.",
editor="Ahmed, Amal",
title="Let Arguments Go First",
booktitle="Programming Languages and Systems",
year="2018",
publisher="Springer International Publishing",
address="Cham",
pages="272--299",
abstract="Bi-directional type checking has proved to be an extremely useful and versatile tool for type checking and type inference. The conventional presentation of bi-directional type checking consists of two modes: inference mode and checked mode. In traditional bi-directional type-checking, type annotations are used to guide (via the checked mode) the type inference/checking procedure to determine the type of an expression, and type information flows from functions to arguments.",
isbn="978-3-319-89884-1"
}
